@inproceedings{root,
    author = "Rene Brun and Fons Rademakers",
    title = "ROOT - An Object Oriented Data Analysis Framework",
    booktitle = "AIHENP'96 Workshop, Lausanne",
    journal = "Nucl. Inst. & Meth. in Phys.",
    year = "1996",
    month = sep,
    volume = "389",
    pages = "81-86",
    howpublished = {http://root.cern.ch/},
}
@online{eulerangles,
    author   = {Weisstein, Eric W.},
    title    = {Euler Angles},
    subtitle = {From MathWorld -- A Wolfram Web Resource},
    url      = {http://mathworld.wolfram.com/EulerAngles.html},
    note = {accessed 10~2019}
}
@online{cppcompilersupport,
    author = {C++~Reference},
    title  = {Compiler support for {\CPP}17},
    url    = {https://en.cppreference.com/w/cpp/compiler_support/17},
    year   = {2021},
    month  = may
}
@article{timepix,
    title = "Timepix, a 65k programmable pixel readout chip for arrival time, energy and/or photon counting measurements",
    journal = "Nucl. Instr. Meth. A",
    volume = "581",
    number = "1",
    pages = "485 - 494",
    year = "2007",
    issn = "0168-9002",
    doi = "http://dx.doi.org/10.1016/j.nima.2007.08.079",
    author = "X. Llopart and R. Ballabriga and M. Campbell and L. Tlustos and W. Wong",
}
@online{pandoc,
    author = {John MacFarlane},
    title = {Pandoc},
    subtitle = {A universal document converter},
    url = {http://pandoc.org/},
    note = {\url{http://pandoc.org/}},
}
@article{eos,
  author={A. J. Peters and L. Janyst},
  title={Exabyte Scale Storage at CERN},
  journal={Journal of Physics: Conference Series},
  volume={331},
  number={5},
  pages={052015},
  url={http://stacks.iop.org/1742-6596/331/i=5/a=052015},
  note = {accessed 10~2019},
  year={2011},
 }
@InProceedings{cvmfs,
  Title                    = {{CVMFS - a file system for the CernVM virtual appliance}},
  Author                   = {C. Aguado Sanchez and others},
  Booktitle                = {{ XII Advanced Computing and Analysis Techniques in Physics Research (ACAT08)}},
  Year                     = {2008},
  Pages                    = {052},
  Volume                   = {ACAT08},

  Journal                  = {PoS},
  Slaccitation             = {%%CITATION = POSCI,ICHEP2010,002;%%}
}
@article{clicpix2-pisa,
title = "Technologies for future vertex and tracking detectors at CLIC",
journal = "Nucl. Instr. Meth. A",
volume = "936",
pages = "612 - 615",
year = "2019",
issn = "0168-9002",
doi = "10.1016/j.nima.2018.08.103",
author = "S. Spannagel",
  Archiveprefix            = {arXiv},
  Eprint                   = {1812.02625},
}
@article{vanderHeijden:2275140,
      author        = "van der Heijden, B and Visser, J and van Beuzekom, M and
                       Boterenbrood, H and Kulis, S and Munneke, B and Schreuder,
                       F",
      title         = "{SPIDR, a general-purpose readout system for pixel ASICs}",
      journal       = "JINST",
      number        = "02",
      volume        = "12",
      pages         = "C02040. 9 p",
      year          = "2017",
      url           = "https://cds.cern.ch/record/2275140",
      doi           = "10.1088/1748-0221/12/02/C02040",
}
@article{clicpix2,
      author         = "Spannagel, S.",
      title          = "{Silicon Technologies for the {CLIC} Vertex Detector}",
      booktitle      = "{Proceedings, International Conference on Instrumentation
                        for Colliding Beam Physics (INSTR17): Novosibirsk,
                        Russia}",
      collaboration  = "CLICdp",
      journal        = "J. Instr.",
      volume         = "12",
      year           = "2017",
      number         = "06",
      pages          = "C06006",
      doi            = "10.1088/1748-0221/12/06/C06006",
      eprint         = "1706.00224",
      archivePrefix  = "arXiv",
      primaryClass   = "physics.ins-det",
      reportNumber   = "CLICDP-CONF-2017-010",
}
@article{atlaspix,
      author         = "Perić, I. and others",
      title          = "{A high-voltage pixel sensor for the ATLAS upgrade}",
      journal        = "Nucl. Instrum. Meth. A",
      volume         = "924",
      year           = "2019",
      pages          = "99-103",
      doi            = "10.1016/j.nima.2018.06.060",
}

@article{mimosa26,
title = "First reticule size MAPS with digital output and integrated zero suppression for the EUDET-JRA1 beam telescope",
journal = "Nucl. Instr. Meth. A",
volume = "623",
number = "1",
pages = "480 - 482",
year = "2010",
doi = "10.1016/j.nima.2010.03.043",
author = "C. Hu-Guo and J. Baudot and G. Bertolone and A. Besson and A.S. Brogna and C. Colledani and G. Claus and R. De Masi and Y. Degerli and A. Dorokhov and G. Doziere and W. Dulinski and X. Fang and M. Gelin and M. Goffe and F. Guilloux and A. Himmi and K. Jaaskelainen and M. Koziel and F. Morel and F. Orsini and M. Specht and Q. Sun and O. Torheim and I. Valin and M. Winter",
}
@article{aida-tlu,
      author         = "Baesso, P. and Cussans, D. and Goldstein, J.",
      title          = "{The AIDA-2020 TLU: a flexible trigger logic unit for
                        test beam facilities}",
      journal        = "J. Instr.",
      volume         = "14",
      year           = "2019",
      number         = "09",
      pages          = "P09019",
      doi            = "10.1088/1748-0221/14/09/P09019",
      SLACcitation   = "%%CITATION = JINST,14,P09019;%%"
}
@article{timepix3,
       doi = {10.1088/1748-0221/9/05/c05013},
       year = 2014,
       month = {may},
       publisher = {{IOP} Publishing},
       volume = {9},
       number = {05},
       pages = {C05013--C05013},
       author = {T Poikela and others},
       title = {Timepix3: a 65K channel hybrid pixel readout chip with simultaneous {ToA}/{ToT} and sparse readout},
       journal = {J. Instr.},
}

@misc{timepix3-talk,
  author = "X. Llopart",
  title = "The Timepix3 chip",
  note = {{EP-ESE seminar}},
  URL = {https://indico.cern.ch/event/267425},
  note = {accessed 10~2019}
}
@online{proteus-repo,
    title = {The Proteus Beam Telescope Reconstruction Software},
    author = {},
    url = {https://gitlab.cern.ch/proteus/proteus},
    note = {accessed 11~2019},
    }
@online{eutel-website,
    title = {EUTelescope - A Generic Pixel Telescope Data Analysis Framework},
    author = {},
    url = {http://eutelescope.web.cern.ch/},
    note = {accessed 11~2019},
}

@online{corry-issue-tracker,
    title = {The \corry Project Issue Tracker},
    author = {},
    url = {https://gitlab.cern.ch/corryvreckan/corryvreckan/issues},
    note = {accessed 10~2019},
    year = {2019},
    month = sep,
    day = {27}
}
@online{corry-doxygen,
    title = {The \corry Code Documentation},
    author = {Morag Williams and Simon Spannagel and Jens Kroeger},
    url = {https://cern.ch/corryvreckan/reference/},
    note = {accessed 10~2019},
    year = {2017},
    month = aug,
    day = {22}
}
@online{corry-container-registry,
    title = {The \corry Docker Container Registry},
    author = {Simon Spannagel},
    url = {https://gitlab.cern.ch/corryvreckan/corryvreckan/container_registry},
    note = {accessed 10~2019},
    year = {2018},
    month = nov,
    day = {13}
}
@online{corry-repo,
    title = {The \corry Project Repository},
    author = {},
    url = {https://gitlab.cern.ch/corryvreckan/corryvreckan/},
    note = {accessed 10~2019},
    year = {2018},
    month = nov,
    day = {13}
}
@online{corry-website,
    title = {The \corry Project Website},
    author = {},
    url = {https://cern.ch/corryvreckan/},
    note = {accessed 04~2021},
}
@online{corry-website-troubleshooting,
    title = {The \corry Project Website, section Troubleshooting},
    author = {},
    url = {https://cern.ch/corryvreckan/page/installation/#troubleshooting},
    note = {accessed 04~2021},
}
@online{rootinstallation,
    author = {Rene Brun and Fons Rademakers},
    title = {Building ROOT},
    url = {https://root.cern.ch/building-root},
    note = {accessed 10~2019}
}
@online{linuxld,
    title = {Linux Programmer's Manual},
    subtitle = {ld.so, ld-linux.so - dynamic linker/loader},
    author = {Michael Kerrisk},
    url = {http://man7.org/linux/man-pages/man8/ld.so.8.html},
    note = {accessed 10~2019}
}
@article{apsq,
title = "Allpix$^2$: A modular simulation framework for silicon detectors",
journal = "Nucl. Instr. Meth. A",
volume = "901",
pages = "164 - 172",
year = "2018",
issn = "0168-9002",
doi = "10.1016/j.nima.2018.06.020",
author = "S. Spannagel and others",
Archiveprefix            = {arXiv},
Eprint                   = {1806.05813},
keywords = "Simulation, Silicon detectors, Geant4, TCAD, Drift–diffusion"
}
@online{apsq-website,
    title = {The {Allpix Squared} project},
    url = "https://cern.ch/allpix-squared/",
    note = {accessed 10~2019}
}
@TechReport{clicdp-apsq-manual,
      author        = "Wolters, K. and Spannagel, S. and Hynds, D.",
      title         = "{User Manual for the Allpix$^2$ Simulation Framework}",
      month         = "12",
      year          = "2017",
      Number        = "CLICdp-Note-2017-006",
      institution = {CERN},
      url           = "https://cds.cern.ch/record/2295206",
      note = {accessed 10~2019}
}
@online{apsq-manual,
      author        = "Wolters, K. and Spannagel, S. and Hynds, D.",
      title         = "{User Manual for the Allpix$^2$ Simulation Framework}",
      month         = "6",
      year          = "2019",
      institution = {CERN},
      url           = "https://cern.ch/allpix-squared/usermanual/allpix-manual.pdf",
      note = {accessed 10~2019}
}
@online{tomlgit,
    title = {TOML},
    subtitle = {Tom's Obvious, Minimal Language},
    author = {Tom Preston-Werner},
    url = {https://github.com/toml-lang/toml},
    note = {accessed 10~2019},
    publisher = {Github},
    journal = {Github repository},
    commit = {e5d623ecdc26327699157381bde3ccd6ed8c67de}
}
@online{markdown,
    title = {Markdown},
    author = {John Gruber and Aaron Swartz},
    url = {https://daringfireball.net/projects/markdown/}
}
@article{eudaq,
      author         = "Ahlburg, P. and others",
      title          = "{EUDAQ $-$ A Data Acquisition Software Framework for
                        Common Beam Telescopes}",
      year           = "2019",
      eprint         = "1909.13725",
      archivePrefix  = "arXiv",
      primaryClass   = "physics.ins-det",
      SLACcitation   = "%%CITATION = ARXIV:1909.13725;%%"
}
@article{eudaq2,
      author         = "Liu, Y. and others",
      title          = "{EUDAQ2 -- A Flexible Data Acquisition Software Framework
                        for Common Test Beams}",
      year           = "2019",
      eprint         = "1907.10600",
      archivePrefix  = "arXiv",
      primaryClass   = "physics.ins-det",
      SLACcitation   = "%%CITATION = ARXIV:1907.10600;%%"
}
@article{Pitters_2019,
       doi = {10.1088/1748-0221/14/05/p05022},
       url = {https://doi.org/10.1088%2F1748-0221%2F14%2F05%2Fp05022},
       year = 2019,
       month = {may},
       publisher = {{IOP} Publishing},
       volume = {14},
       number = {05},
       pages = {P05022--P05022},
       author = {F. Pitters and N. Alipour Tehrani and D. Dannheim and A. Fiergolski and D. Hynds and W. Klempt and X. Llopart and M. Munker and A. Nürnberg and S. Spannagel and M. Williams},
       title = {Time resolution studies of Timepix3 assemblies with thin silicon pixel sensors},
       journal = {Journal of Instrumentation}
}

@online{cds-timepix3-calibration,
      author        = "Pitters, Florian Michael and Alipour Tehrani, Niloufar and
                       Dannheim, Dominik and Fiergolski, Adrian and Hynds, Daniel
                       and Klempt, Wolfgang and Llopart Cudie, Xavi and Munker,
                       Magdalena and Nurnberg, Andreas Matthias and Spannagel,
                       Simon and Williams, Morag Jean",
      title         = "{Time and Energy Calibration of Timepix3 Assemblies with
                       Thin Silicon Sensors}",
      month         = "Nov",
      year          = "2018",
      reportNumber  = "CLICdp-Note-2018-008",
      url           = "https://cds.cern.ch/record/2649493",
      note          = {accessed 11~1019}
}
@online{root-tefficiency-class-ref,
    title = {ROOT TEfficiency Class Reference},
    author = {},
    url = {https://root.cern.ch/doc/master/classTEfficiency.html#ae80c3189bac22b7ad15f57a1476ef75b},
    note = {accessed 01~2020},
    }

@article{material_budget_imaging,
author = {Jansen,H.  and Schütze,P. },
title = {Feasibility of track-based multiple scattering tomography},
journal = {Applied Physics Letters},
volume = {112},
number = {14},
pages = {144101},
year = {2018},
doi = {10.1063/1.5005503},
URL = {https://doi.org/10.1063/1.5005503},
eprint = {https://doi.org/10.1063/1.5005503}
}

@ARTICLE{Kleinwort:2012np,
  author = {Kleinwort, C.},
  title = {{General Broken Lines as advanced track fitting method}},
  journal = {Nucl.Instrum.Meth.},
  year = {2012},
  volume = {A673},
  pages = {107-110},
  archiveprefix = {arXiv},
  doi = {10.1016/j.nima.2012.01.024},
  eprint = {1201.4320},
  primaryclass = {physics.ins-det},
  reportnumber = {DESY-12-011},
  slaccitation = {%%CITATION = ARXIV:1201.4320;%%}
}
